@online {submarine2015,
    author  = {Markus Krisetya, Larry Lairson, Alan Mauldin},
    title   = {A new map of the submarine cables connecting the World},
    year    = {2015},
    url     = {https://www.telegeography.com/assets/website/images/maps/submarine-cable-map-2015/submarine-cable-map-2015-x.png},
    urldate = {2015-10-26}
}
@online {ictstats2015,
	author  = {International~Telecommunication~Union},
	title   = {Global ICT Development},
	year    = {2015},
	url     = {https://www.itu.int/en/ITU-D/Statistics/Documents/statistics/2015/stat_page_all_charts_2015.xls},
	urldate = {2015-10-26}
}
@online {ictfacts2015,
	author  = {International~Telecommunication~Union},
	title   = {ITU ICT Facts and Figures – The world in 2015},
	year    = {2015},
	url     = {http://www.itu.int/en/ITU-D/Statistics/Documents/facts/ICTFactsFigures2015.pdf},
	urldate = {2015-10-26}
}
@online {icontrol2015,
	author  = {Icontrol~Networks},
	title   = {2015 State of the Smart Home Report},
	year    = {2015},
	url     = {http://www.icontrol.com/wp-content/uploads/2015/06/Smart_Home_Report_2015.pdf},
	urldate = {2015-10-26}
}
@online {berg2015,
	author  = {Lars Kurkinen},
	title   = {Smart Home and Home Automation},
	year    = {2015},
	url     = {https://ec.europa.eu/research/innovation-union/pdf/active-healthy-ageing/berg_smart_homes.pdf},
	urldate = {2015-10-26}
}
@online {tegrax12015,
	author  = {Steve Molnar},
	title   = {Tegra X1: NVIDIA's new mobile Super-Chip},
	year    = {2015},
	url     = {http://www.highperformancegraphics.org/wp-content/uploads/2015/Hot3D2/NVIDIA_X1_hpg2015_hot3d.pdf},
	urldate = {2015-11-17}
}
@online {arris2014,
	author  = {Charles Cheeves},
	title   = {The quest to send 4k video over Wi-Fi networks},
	year    = {2014},
	url     = {https://www.arrisi.com/globalassets/resources/white-papers/arris_quest_4k_video_over_wi-fi_wp.pdf},
	urldate = {2015-11-17}
}
@techreport{RFC4944,
  author = {G. Montenegro and N. Kushalnagar and J. Hui and D. Culler},
  title = {Transmission of IPv6 Packets over IEEE 802.15.4 Networks},
  howpublished = {Internet Requests for Comments},
  type = {RFC},
  number = {4944},
  year = {2007},
  month = {September},
  issn = {2070-1721},
  publisher = {RFC Editor},
  institution = {RFC Editor},
  url = {http://www.rfc-editor.org/rfc/rfc4944.txt},
  note = {\url{http://www.rfc-editor.org/rfc/rfc4944.txt}},
  keywords = {RFC4944}
}
@online{cc2560,
	author  = {Texas~Instruments},
  title   = {Bluetooth® and Dual-Mode Controller},
  year    = {2014},
  url     = {http://www.ti.com/lit/gpn/cc2560},
  urldate = {2015-11-24}
}
@online{cc2640,
  author  = {Texas~Instruments},
  title   = {CC2640 SimpleLink™ Bluetooth® Smart Wireless MCU},
  year    = {2015},
  url     = {http://www.ti.com/lit/gpn/cc2640},
  urldate = {2015-11-24}
}
@online{pl3130,
  author  = {Pulse~LINK},
  title   = {PL3130 - CWave Ultra Wideband BBM},
  year    = {2014},
  url     = {http://www.pulselink.com/wp-content/uploads/2014/08/3130-Datasheet.pdf},
  urldate = {2015-11-24}
}
@online{pl3120,
  author  = {Pulse~LINK},
  title   = {PL3120 - CWave Ultra Wideband Transceiver},
  year    = {2014},
  url     = {http://www.pulselink.com/wp-content/uploads/2014/08/3120-Datasheet.pdf},
  urldate = {2015-11-24}
}
@online{cc2630,
  author  = {Texas~Instruments},
  title   = {CC2630 SimpleLink™ 6LoWPAN, ZigBee® Wireless MCU},
  year    = {2015},
  url     = {http://www.ti.com/lit/gpn/cc2630},
  urldate = {2015-11-24}
}
@online{wil6200,
  author  = {Wilocity},
  title   = {Wil6200: Second Generation WiGig and 802.11ad Multi-Gigabit Wireless Chipset},
  year    = {2015},
  url     = {http://wilocity.com/resources/Wil6200-Brief.pdf},
  urldate = {2015-11-24}
}
@incollection{wban_wpan_wlan,
  year={2013},
  isbn={978-3-642-34647-7},
  booktitle={Autonomous Sensor Networks},
  volume={13},
  series={Springer Series on Chemical Sensors and Biosensors},
  editor={Filippini, Daniel},
  doi={10.1007/5346_2012_29},
  title={Smart Textiles: Technology and Wireless System Network Applications},
  url={http://dx.doi.org/10.1007/5346_2012_29},
  publisher={Springer Berlin Heidelberg},
  author={Lanatà, Antonio and Scilingo, EnzoPasquale},
  pages={127-158},
}
@online{devolo,
  author  = {devolo},
  title   = {PLC WiFi Repeater},
  year    = {2015},
  url     = {http://www.devolo.com/de/OEM-Portal/PLC-WiFi-Adapter/PLC-WiFi-Repeater},
  urldate = {2015-11-30}
}
@online{mulligan,
  author  = {Geoff Mulligan},
  title   = {A New Revolution Part 2: IP Enabled Smart Objects and the Smart Grid},
  year    = {2010},
  url     = {http://www.sensorsmag.com/sensors-mag/a-new-revolution-part-2-ip-enabled-smart-objects-and-smart-g-7465},
  urldate = {2015-11-30}
}
@online{drcnet,
  author  = {Beijing~DRCNET~Information},
  title   = {Research 60GHz ultra high speed wireless network access mechanism},
  year    = {2014},
  url     = {http://218.28.6.75:81/DRCNet.Mirror.Documents.Web/docview.aspx?chnid=1020&leafid=3027&docid=3497952},
  urldate = {2015-11-30}
}
@book{Gast2005,
  author = {Gast, Matthew S},
  title = {802.11 Wireless Networks: The Definitive Guide, Second Edition},
  year = {2005},
  isbn = {0596100523},
  publisher = {O'Reilly Media, Inc.},
}